@inproceedings{NIPS2007_d7322ed7,
 author = {Mnih, Andriy and Salakhutdinov, Russ R},
 booktitle = {Advances in Neural Information Processing Systems},
 editor = {J. Platt and D. Koller and Y. Singer and S. Roweis},
 pages = {},
 publisher = {Curran Associates, Inc.},
 title = {Probabilistic Matrix Factorization},
 volume = {20},
 year = {2007}
}


@misc{akyildiz2021probabilistic,
      title={Probabilistic sequential matrix factorization}, 
      author={Ömer Deniz Akyildiz and Gerrit J. J. van den Burg and Theodoros Damoulas and Mark F. J. Steel},
      year={2021},
      eprint={1910.03906},
      archivePrefix={arXiv},
      primaryClass={stat.ML}
}


@article{cite-key,
	author = {Akyildiz, Ömer Deniz and Míguez, Joaquín},
	journal = {Signal, Image and Video Processing},
	number = {4},
	pages = {737--744},
	title = {Dictionary filtering: a probabilistic approach to online matrix factorisation},
	volume = {13},
	year = {2019}
}


@article{cite1,
	author = {Zheng, J., Guo, H., Chu, H.},
	journal = {PhysioNet},
	title = {A large scale 12-lead electrocardiogram database for arrhythmia study (version 1.0.0)},
	url = {https://doi.org/10.13026/wgex-er52},
	year = {2022}
}


@article{cite2,
	author = {Zheng, Jianwei and Chu, Huimin and Struppa, Daniele and Zhang, Jianming and Yacoub, Sir Magdi and El-Askary, Hesham and Chang, Anthony and Ehwerhemuepha, Louis and Abudayyeh, Islam and Barrett, Alexander and Fu, Guohua and Yao, Hai and Li, Dongbo and Guo, Hangyuan and Rakovski, Cyril},
	journal = {Scientific Reports},
	number = {1},
	pages = {2898},
	title = {Optimal Multi-Stage Arrhythmia Classification Approach},
	volume = {10},
	year = {2020}
}


@article{cite3,
  title={PhysioBank, PhysioToolkit, and PhysioNet: Components of a new research resource for complex physiologic signals},
  author={Goldberger, Ary L. and Amaral, Luis A. N. and Glass, Leon and Hausdorff, Jeffrey M. and Ivanov, Plamen Ch. and Mark, Roger G. and Mietus, Joseph E. and Moody, George B. and Peng, Chung-Kang and Stanley, H. Eugene},
  journal={Circulation [Online]},
  volume={101},
  number={23},
  pages={e215--e220},
  year={2000},
  publisher={American Heart Association}
}


@article{rina,
  title={Matrix-Variate Gaussian Matrix Factorisation},
  author={Rina Maletta},
  journal={Unpublished, MSc thesis, Imperial College London},
  year={2023}
}


@INPROCEEDINGS{8743654,
  author={Guyot, Pauline and Voiriot, Pascal and Djermoune, El-Hadi and Papelier, Stéphane and Lessard, Céline and Felices, Mathieu and Bastogne, Thierry},
  booktitle={2018 Computing in Cardiology Conference (CinC)}, 
  title={R-Peak Detection in Holter ECG Signals Using Non-Negative Matrix Factorization}, 
  year={2018},
  volume={45},
  number={},
  pages={1-4},
  keywords={Electrocardiography;Databases;Matrix decomposition;Source separation;Sensitivity;Muscles;Monitoring},
  doi={10.22489/CinC.2018.123}}
